% This file was created with JabRef 2.10b2.
% Encoding: UTF-8


@Misc{nctuurl,
  Title                    = {國立交通大學},

  Author                   = {NCTU},

  Owner                    = {borting},
  Timestamp                = {2017.02.06},
  Url                      = {http://www.nctu.edu.tw}
}

@Book{Yang_2017,
  Title                    = {{The History of Free Planets}},
  Author                   = {Wen-Li Yang and Bamboo Fox},
  Editor                   = {Yoshiki Tanaka},
  Publisher                = {Heinessen Publisher},
  Year                     = {2017},

  Owner                    = {borting},
  Pages                    = {22--66},
  Timestamp                = {2017.01.23}
}

@Article{Yang_2016,
  Title                    = {{Carry the Free Planets Star Fleet in Three Ways}},
  Author                   = {Wen-Li Yang and Bamboo Fox},
  Journal                  = {Journal of Galaxy},
  Year                     = {2016},
  Number                   = {1},
  Pages                    = {22--66},
  Volume                   = {9527}
}

@Article{Kane_1986,
  Title                    = {{Process capability indices}},
  Author                   = {Viktor E. Kane},
  Journal                  = {Journal of Quality Technology},
  Year                     = {1986},
  Number                   = {18},
  Pages                    = {41--52},
  Volume                   = {9527}
}

@Article{Vannman_1995,
  Title                    = {{A unified approach to carpability indices}},
  Author                   = {Kerstin Vännman},
  Journal                  = {Statistica sinica},
  Year                     = {1995},
  Number                   = {No. 2},
  Pages                    = {805--820},
  Volume                   = {5}
}

@Article{Chen_2001,
  Title                    = {{A new process capability index for non-normal distributions}},
  Author                   = {Jann-Pygn Chen and Cherng G. Ding},
  Journal                  = {International Journal of Quality \& Reliability Management},
  Year                     = {2001},
  Number                   = {Iss 7},
  Pages                    = {762--770},
  Volume                   = {18}
}

@Article{ChenPearn_1997,
  Title                    = {{An application on non-normal process capability indices}},
  Author                   = {K. S. Chen and W. L. Pearn},
  Journal                  = {Quality and Reliability Engineering International},
  Year                     = {1997},
  Number                   = {Vol 13},
  Pages                    = {355--360},
  Volume                   = {18}
}

@Article{TongChen_1998,
  Title                    = {{Lower confidence limits of process capability indices for non-normal process distributions}},
  Author                   = {Lee-Ing Tong and Jann-Pygn Chen},
  Journal                  = {International Journal of Quality \& Reliability Management},
  Year                     = {1998},
  Number                   = {Vol. 15 Iss 8/9},
  Pages                    = {907--919},
  Volume                   = {15}
}